<record><leader>00000cas a22000007a 4500</leader><controlfield tag="001">20972047</controlfield><controlfield tag="008">900130d18411841mauir ne      0    0eng d</controlfield><datafield ind1=" " ind2=" " tag="010"><subfield code="a">sn 89062285 </subfield></datafield><datafield ind1=" " ind2=" " tag="040"><subfield code="a">MGN</subfield><subfield code="b">eng</subfield><subfield code="c">MGN</subfield><subfield code="d">RHN</subfield><subfield code="d">MGN</subfield><subfield code="d">OCLCQ</subfield></datafield><datafield ind1=" " ind2=" " tag="042"><subfield code="a">msc</subfield></datafield><datafield ind1="0" ind2="0" tag="245"><subfield code="a">Lowell Democrat.</subfield></datafield><datafield ind1=" " ind2=" " tag="260"><subfield code="a">Lowell, Mass. :</subfield><subfield code="b">Nathaniel P. Banks</subfield></datafield><datafield ind1=" " ind2=" " tag="300"><subfield code="a">v.</subfield></datafield><datafield ind1=" " ind2=" " tag="310"><subfield code="a">Triweekly</subfield></datafield><datafield ind1="1" ind2=" " tag="362"><subfield code="a">Began in 1841.</subfield></datafield><datafield ind1="0" ind2=" " tag="362"><subfield code="a">-v. 7, new ser., no. 47 (Dec. 31, 1841).</subfield></datafield><datafield ind1=" " ind2=" " tag="588"><subfield code="a">Description based on: Vol. 7, new ser., no. 2 (Sept. 13, 1841).</subfield></datafield><datafield ind1=" " ind2=" " tag="752"><subfield code="a">United States</subfield><subfield code="b">Massachusetts</subfield><subfield code="c">Middlesex</subfield><subfield code="d">Lowell.</subfield></datafield><datafield ind1="0" ind2="0" tag="780"><subfield code="t">Lowell advertiser (Lowell, Mass. : 1836)</subfield><subfield code="w">(DLC)sn 83020131</subfield></datafield><datafield ind1="0" ind2="0" tag="785"><subfield code="t">Lowell advertiser (Lowell, Mass. : 1842)</subfield><subfield code="w">(DLC)sn 96076265</subfield></datafield></record>